@article{Pulvermuller2005,
author = {Pulvermüller, Friedemann and Hauk, Olaf and Nikulin, Vadim and Ilmoniemi, Risto},
year = {2005},
month = {03},
pages = {793-7},
title = {Functional Links between Motor and Language Systems},
volume = {21},
journal = {The European journal of neuroscience},
doi = {10.1111/j.1460-9568.2005.03900.x}
}

@book{GM2003,
author = {Goldin-Meadow, Susan},
year = {2003},
month = {01},
pages = {},
title = {Hearing Gesture: How Our Hands Help Us Think},
volume = {14},
journal = {Bibliovault OAI Repository, the University of Chicago Press}
}

@article{Kapalkova2015,
author = {Kapalková, Svetlana and Poli enska, K and Sussova, M},
year = {2015},
month = {05},
pages = {},
title = {The role of pictures and gestures as a support mechanism for novel word learning: A training study with 2-year-old children},
volume = {32},
journal = {Child Language Teaching and Therapy},
doi = {10.1177/0265659015585373}
}

@article{Gullberg2006,
author = {Gullberg, Marianne},
year = {2006},
month = {03},
pages = {103-124},
title = {Some reasons for studying gesture and second language acquisition (Homage à Adam Kendon)},
volume = {44},
journal = {IRAL - International Review of Applied Linguistics in Language Teaching},
doi = {10.1515/IRAL.2006.004}
}

@article{Iverson1999,
author = {Iverson, Jana and E, Thelen},
year = {1999},
month = {01},
pages = {19-40},
title = {Hand, mouth and brain. The dynamic emergence of speech and gesture},
volume = {6},
journal = {Journal of Consciousness Studies}
}

@article{Macken2014,
author = {Macken, Lucy and Ginns, Paul},
year = {2014},
month = {05},
pages = {},
title = {Pointing and tracing gestures may enhance anatomy and physiology learning},
volume = {36},
journal = {Medical teacher},
doi = {10.3109/0142159X.2014.899684}
}
@article{McCafferty2004,
author = {G. McCafferty, Steven},
year = {2004},
month = {01},
pages = {148 - 165},
title = {Space for cognition: Gesture and second language learning},
volume = {14},
journal = {International Journal of Applied Linguistics},
doi = {10.1111/j.1473-4192.2004.0057m.x}
}

@article{Wexler1998,
author = {Wexler, Mark and Kosslyn, Stephen and Berthoz, Alain},
year = {1998},
month = {09},
pages = {77-94},
title = {Motor processes in mental rotation},
volume = {68},
journal = {Cognition},
doi = {10.1016/S0010-0277(98)00032-8}
}

@article{Cook2008,
author = {Cook, Susan and Mitchell, Zachary and Goldin-Meadow, Susan},
year = {2008},
month = {03},
pages = {1047-58},
title = {Gesture makes learning last},
volume = {106},
journal = {Cognition},
doi = {10.1016/j.cognition.2007.04.010}
}

@article{Schmidt2010,
author = {Schmidt-Kassow, Maren and Kulka, Anna and Gunter, Thomas and Rothermich, Kathrin and Kotz, Sonja},
year = {2010},
month = {09},
pages = {40-4},
title = {Exercising during learning improves vocabulary acquisition: Behavioral and ERP evidence},
volume = {482},
journal = {Neuroscience letters},
doi = {10.1016/j.neulet.2010.06.089}
}

@article{Cherdieu2017,
author = {Cherdieu, Mélaine and Palombi, Olivier and Gerber, Silvain and Troccaz, Jocelyne and Rochet-Capellan, Amélie},
year = {2017},
month = {10},
pages = {1689},
title = {Make Gestures to Learn: Reproducing Gestures Improves the Learning of Anatomical Knowledge More than Just Seeing Gestures},
volume = {8},
journal = {Frontiers in Psychology},
doi = {10.3389/fpsyg.2017.01689}
}

@article{Glenberg2002,
author = {M Glenberg, Arthur and Kaschak, Michael},
year = {2002},
month = {10},
pages = {558-65},
title = {Grounding language in action},
volume = {9},
journal = {Psychonomic bulletin & review},
doi = {10.3758/BF03196313}
}

@article{Barsalou2008,
author = {Barsalou, Lawrence},
year = {2008},
month = {02},
pages = {617-45},
title = {Grounded Cognition},
volume = {59},
journal = {Annual review of psychology},
doi = {10.1146/annurev.psych.59.103006.093639}
}


@article{Watkins2003,
author = {Watkins, K.E. and Strafella, Antonio and Paus, Tomas},
year = {2003},
month = {02},
pages = {989-94},
title = {Seeing and hearing speech excites the motor system involved in speech production},
volume = {41},
journal = {Neuropsychologia},
doi = {10.1016/S0028-3932(02)00316-0}
}

@article{Wilson2003,
author = {Wilson, Margaret},
year = {2003},
month = {01},
pages = {625-36},
title = {Six Views of Embodied Cognition},
volume = {9},
journal = {Psychonomic bulletin & review},
doi = {10.3758/BF03196322}
}

@article{Kendon1980,
author = {Kendon, Adam},
year = {1980},
month = {01},
pages = {},
title = {Gesticulation and speech: Two aspects of the process of utterance in M},
volume = {25},
journal = {The Relationship of Verbal and Nonverbal Communication}
}

@inproceedings{Kita1997,
author = {Kita, Sotaro and van Gijn, Ingeborg and van der Hulst, Harry},
year = {1997},
month = {01},
pages = {23-35},
title = {Movement Phase in Signs and Co-Speech Gestures, and Their Transcriptions by Human Coders.},
doi = {10.1007/BFb0052986}
}

@article{Beavers2019,
author = {Beavers, John and Levin, Beth and Wei Tham, Shiao and Rgen Bohnemeyer, Jü and Ettlinger, Marc and Francez, Itamar and Jong, Hyun and Kayi, Hayriye and Koontz-Garboden, Andrew and Lierler, Ulia and Marcotte, Jean-Philippe and Nikitina, Tatiana and Sells, Peter and Slobin, Dan and Tonhauser, Judith and Uchiyama, Kiyoko and Wechsler, Stephen},
year = {2019},
month = {05},
pages = {},
title = {The typology of motion expressions revisited}
}

@article{Iverson1998,
author = {Iverson, Jana and Goldin-Meadow, Susan},
year = {1998},
month = {12},
pages = {228},
title = {Why people gesture as they speak},
volume = {396},
journal = {Nature},
doi = {10.1038/24300}
}

@article{Ping2010,
author = {Ping, Raedy and Goldin-Meadow, Susan},
year = {2010},
month = {05},
pages = {602-19},
title = {Gesturing Saves Cognitive Resources When Talking About Nonpresent Objects},
volume = {34},
journal = {Cognitive science},
doi = {10.1111/j.1551-6709.2010.01102.x}
}

@article{GM2010,
author = {Goldin-Meadow, Susan},
year = {2010},
month = {05},
pages = {1-19},
title = {When gesture does and does not promote learning},
volume = {2},
journal = {Language and cognition},
doi = {10.1515/LANGCOG.2010.001}
}

@article{Lockwood2016,
author = {Lockwood, Gwilym and Hagoort, Peter and Dingemanse, Mark},
year = {2016},
month = {07},
pages = {7},
title = {How Iconicity Helps People Learn New Words: Neural Correlates and Individual Differences in Sound-Symbolic Bootstrapping},
volume = {2},
journal = {Collabra},
doi = {10.1525/collabra.42}
}

@article{Labeye2008,
author = {Labeye, Elodie and Oker, Ali and Badard, Guillemette and rémy, Versace},
year = {2008},
month = {07},
pages = {108-11},
title = {Activation and integration of motor components in a short-term priming paradigm},
volume = {129},
journal = {Acta psychologica},
doi = {10.1016/j.actpsy.2008.04.010}
}


@article{Lehmann2005,
author = {Lehmann, Sandra and Murray, Micah},
year = {2005},
month = {08},
pages = {326-34},
title = {The role of multisensory memories in unisensory object discrimination},
volume = {24},
journal = {Brain research. Cognitive brain research},
doi = {10.1016/j.cogbrainres.2005.02.005}
}


@article{Versace2014,
author = {Versace, Rémy and Vallet, Guillaume and Riou, Benoit and Lesourd, Mathieu and Labeye, Elodie and Brunel, Lionel},
year = {2014},
month = {04},
pages = {280-306},
title = {ACT-IN: An integrated view of memory mechanisms},
volume = {26},
journal = {Journal of Cognitive Psychology},
doi = {10.1080/20445911.2014.892113}
}

@inproceedings{Stolcke1996,
author = {Stolcke, A and Shriberg, Elizabeth},
year = {1996},
month = {06},
pages = {405-408 vol. 1},
title = {Statistical language modeling for speech disfluencies},
volume = {1},
isbn = {0-7803-3192-3},
doi = {10.1109/ICASSP.1996.541118}
}

@article{Vitevitch2004,
author = {Vitevitch, Michael and Luce, Paul},
year = {2004},
month = {09},
pages = {481-7},
title = {A Web-based interface to calculate phonotactic probability for words and nonwords in English},
volume = {36},
journal = {Behavior research methods, instruments, & computers : a journal of the Psychonomic Society, Inc},
doi = {10.3758/BF03195594}
}

@article{Gathercole1994,
author = {Gathercole, Susan and Willis, Catherine and D. Baddeley, Alan and Emslie, Hazel},
year = {1994},
month = {07},
pages = {103-27},
title = {The Children's Test of Nonword Repetition: a test of phonological working memory},
volume = {2},
journal = {Memory (Hove, England)},
doi = {10.1080/09658219408258940}
}

@inproceedings{Hamed2015,
author = {Hamed, Osama and Zesch, Torsten},
year = {2015},
month = {11},
pages = {},
title = {Generating Nonwords for Vocabulary Proficiency Testing}
}

@article{Duyck2004,
author = {Duyck, Wouter and Desmet, Timothy and Verbeke, Lieven and Brysbaert, Marc},
year = {2004},
month = {09},
pages = {488-99},
title = {WordGen: A tool for word selection and nonword generation in Dutch, English, German, and French},
volume = {36},
journal = {Behavior research methods, instruments, & computers : a journal of the Psychonomic Society, Inc},
doi = {10.3758/BF03195595}
}

@article{Thorn2005,
author = {S C Thorn, Annabel and Frankish, Clive},
year = {2005},
month = {08},
pages = {729-35},
title = {Long-Term Knowledge Effects on Serial Recall of Nonwords Are Not Exclusively Lexical.},
volume = {31},
journal = {Journal of experimental psychology. Learning, memory, and cognition},
doi = {10.1037/0278-7393.31.4.729}
}

@article{Flemming2005,
author = {Flemming, Edward},
year = {2005},
month = {03},
pages = {287-309},
title = {Deriving natural classes in phonology},
volume = {115},
journal = {Lingua},
doi = {10.1016/j.lingua.2003.10.005}
}

@article{Valimaa2009,
author = {Välimaa-Blum, Riitta},
year = {2009},
month = {06},
pages = {},
title = {Phonotactic constraints in cognitive phonology1},
volume = {7},
journal = {Corela},
doi = {10.4000/corela.137}
}

@inproceedings{Agnello2018,
  title={Reasoning with Pseudowords: How Properties of Novel Verbal Stimuli Influence Item Difficulty and Linguistic-Group Score Differences on Cognitive Ability Assessments},
  author={Paul Agnello},
  year={2018}
}

@article{Bailey2001,
author = {Bailey, Todd and Hahn, Ulrike},
year = {2001},
month = {05},
pages = {568-591},
title = {Determinants of Wordlikeness: Phonotactics or Lexical Neighborhoods?},
volume = {44},
journal = {Journal of Memory and Language},
doi = {10.1006/jmla.2000.2756}
}

@article{Neda2000,
author = {Néda, Zoltán and Regan, Erzsébet and Bréchet, Yves and Vicsek, Tamás and Barabasi, Albert-Laszlo},
year = {2000},
month = {02},
pages = {849-850},
title = {The sound of many hands clapping - Tumultuous applause can transform itself into waves of synchronized clapping},
volume = {403},
journal = {Nature},
doi = {10.1038/35002660}
}

@article{Pikovsky2002,
author = {Pikovsky, Arkady and Rosenblum, M.G. and Kurths, Juergen},
year = {2002},
month = {06},
pages = {},
title = {Synchronization: A Universal Concept In Nonlinear Sciences},
volume = {70},
journal = {American Journal of Physics},
doi = {10.1119/1.1475332}
}

@article{Mechsner2001,
author = {Mechsner, Franz and Kerzel, Dirk and Knoblich, Günther and Prinz, Wolfgang},
year = {2001},
month = {01},
pages = {},
title = {Perceptual basis of bimanual coordination},
volume = {414},
journal = {Nature, v.414, 69-73 (2001)}
}

@article{Schmidt2011,
author = {Schmidt, Richard and Fitzpatrick, Paula and Caron, Robert and Mergeche, Joanna},
year = {2011},
month = {10},
pages = {834-45},
title = {Understanding social motor coordination},
volume = {30},
journal = {Human movement science},
doi = {10.1016/j.humov.2010.05.014}
}


@article{Varlet2011,
author = {Varlet, Manuel and Richardson, Michael},
year = {2011},
month = {02},
pages = {1200-4},
title = {Computation of continuous relative phase and modulation of frequency of human movement},
volume = {44},
journal = {Journal of biomechanics},
doi = {10.1016/j.jbiomech.2011.02.001}
}

@book{Mcneill2005,
author = {Mcneill, David},
year = {2005},
month = {01},
pages = {},
title = {Gesture and Thought},
journal = {Bibliovault OAI Repository, the University of Chicago Press},
doi = {10.7208/chicago/9780226514642.001.0001}
}

@inproceedings{Vansegbroeck2013, 
title={A robust frontend for VAD: exploiting contextual, discriminative and spectral cues of human voice.}, 
author={Van Segbroeck, Maarten and Tsiartas, Andreas and Narayanan, Shrikanth}, booktitle={INTERSPEECH}, 
pages={704--708}, 
year={2013} 


}

@article{new2001,
  title={Une base de donn{\'e}es lexicales du fran{\c{c}}ais contemporain sur internet: LEXIQUE™//A lexical database for contemporary french: LEXIQUE™},
  author={New, Boris and Pallier, Christophe and Ferrand, Ludovic and Matos, Rafael},
  journal={L'ann{\'e}e Psychologique},
  volume={101},
  number={3},
  pages={447--462},
  year={2001},
  publisher={Universit{\'e} Ren{\'e} Descartes, Paris 5}
}

@article{Dejong2009,
author = {de Jong, Nivja and Wempe, Ton},
year = {2009},
month = {05},
pages = {385-90},
title = {Praat script to detect syllable nuclei and measure speech rate automatically},
volume = {41},
journal = {Behavior research methods},
doi = {10.3758/BRM.41.2.385}
}

@book{Varela2017,
  title={The embodied mind: Cognitive science and human experience},
  author={Varela, Francisco J and Thompson, Evan and Rosch, Eleanor},
  year={2017},
  publisher={MIT press}
}

@article{Grabowski1998,
  title={Premotor and prefrontal correlates of category-related lexical retrieval},
  author={Grabowski, Thomas J and Damasio, Hanna and Damasio, Antonio R},
  journal={Neuroimage},
  volume={7},
  number={3},
  pages={232--243},
  year={1998},
  publisher={Elsevier}
}

@article{Carbonnel2010,
  title={Organisation des connaissances s{\'e}mantiques: des mod{\`e}les classiques aux mod{\`e}les non abstractifs},
  author={Carbonnel, Serge and Charnallet, Annik and Moreaud, Olivier},
  journal={Revue de neuropsychologie},
  volume={2},
  number={1},
  pages={22--30},
  year={2010},
  publisher={John Libbey Eurotext}
}

@article{Corballis2003,
  title={From mouth to hand: gesture, speech, and the evolution of right-handedness},
  author={Corballis, Michael C},
  journal={Behavioral and Brain Sciences},
  volume={26},
  number={2},
  pages={199--208},
  year={2003},
  publisher={Cambridge University Press}
}

@article{Fried1991,
  title={Functional organization of human supplementary motor cortex studied by electrical stimulation},
  author={Fried, Itzhak and Katz, Amiram and McCarthy, Gregory and Sass, Kimberlee J and Williamson, Peter and Spencer, Susan S and Spencer, Dennis D},
  journal={Journal of Neuroscience},
  volume={11},
  number={11},
  pages={3656--3666},
  year={1991},
  publisher={Soc Neuroscience}
}

@article{Ojemann1984,
  title={Common cortical and thalamic mechanisms for language and motor functions},
  author={Ojemann, GEORGE A},
  journal={American Journal of Physiology-Regulatory, Integrative and Comparative Physiology},
  volume={246},
  number={6},
  pages={R901--R903},
  year={1984}
}

@article{Hill1998,
  title={A dyspraxic deficit in specific language impairment and developmental coordination disorder? Evidence from hand and arm movements},
  author={Hill, Elisabeth L},
  journal={Developmental Medicine \& Child Neurology},
  volume={40},
  number={6},
  pages={388--395},
  year={1998},
  publisher={Wiley Online Library}
}

@article{Krams1998,
  title={The preparation, execution and suppression of copied movements in the human brain},
  author={Krams, M and Rushworth, MFS and Deiber, M-P and Frackowiak, RSJ and Passingham, RE},
  journal={Experimental brain research},
  volume={120},
  number={3},
  pages={386--398},
  year={1998},
  publisher={Springer}
}

@article{Pedelty1987,
  title={Gesture in aphasia},
  author={Pedelty, Laura},
  journal={Ph. D dissertation. Department of Behavioral Sciences. The University of Chicago},
  year={1987}
}

@article{Futagi2013,
  title={The Babkin reflex in infants: clinical significance and neural mechanism},
  author={Futagi, Yasuyuki and Yanagihara, Keiko and Mogami, Yukiko and Ikeda, Tae and Suzuki, Yasuhiro},
  journal={Pediatric neurology},
  volume={49},
  number={3},
  pages={149--155},
  year={2013},
  publisher={Elsevier}
}

@article{Thelen1996,
  title={Normal infant stereotypies: A dynamic systems approach},
  author={Thelen, E},
  journal={Stereotypies: Brain-behavior relationships, ed. Sprague RL \& Newell K.. American Psychological Association.[ET]},
  year={1996}
}

@article{Ejiri1999,
  title={Synchronization between preverbal vocal behavior and motor action in early infancy: II. An acoustical examination of the functional significance of the synchronization.},
  author={Ejiri, Keiko and Masataka, Nobuo},
  journal={Japanese Journal of Psychology},
  year={1999},
  publisher={Japanese Psychological Assn}
}

@incollection{Caselli1990,
  title={Communicative gestures and first words},
  author={Caselli, Maria Cristina},
  booktitle={From gesture to language in hearing and deaf children},
  pages={56--67},
  year={1990},
  publisher={Springer}
}

@article{Camaioni1991,
  title={A parent report instrument for early language assessment},
  author={Camaioni, Luigia and Castelli, Maria Cristina and Longobardi, Emiddia and Volterra, Virginia},
  journal={First language},
  volume={11},
  number={33},
  pages={345--358},
  year={1991},
  publisher={Sage Publications Sage CA: Thousand Oaks, CA}
}

@article{Hanlon1990,
  title={Enhancement of naming in nonfluent aphasia through gesture},
  author={Hanlon, Robert E and Brown, Jason W and Gerstman, Louis J},
  journal={Brain and Language},
  volume={38},
  number={2},
  pages={298--314},
  year={1990},
  publisher={Elsevier}
}

@article{Goodwyn1998,
  title={Encouraging symbolic gestures: a new perspective on the relationship between gesture and speech.},
  author={Goodwyn, Susan W and Acredolo, Linda P},
  journal={New Directions for Child Development},
  volume={79},
  pages={61--73},
  year={1998},
  publisher={ERIC}
}

@article{GM2013,
  title={Gesture's role in speaking, learning, and creating language},
  author={Goldin-Meadow, Susan and Alibali, Martha Wagner},
  journal={Annual review of psychology},
  volume={64},
  pages={257--283},
  year={2013},
  publisher={Annual Reviews}
}

@article{Puccini2012,
  title={15-month-old infants fast map words but not representational gestures of multimodal labels},
  author={Puccini, Daniel and Liszkowski, Ulf},
  journal={Frontiers in Psychology},
  volume={3},
  pages={101},
  year={2012},
  publisher={Frontiers}
}

@article{Fearing2001,
  title={Dual-task performance in right-and left-handed adults: A finger-tapping and foot-tapping study},
  author={Fearing, Marsha K and Browning, Cassandra A and Corey, David M and Foundas, Anne L},
  journal={Perceptual and Motor Skills},
  volume={92},
  number={2},
  pages={323--334},
  year={2001},
  publisher={SAGE Publications Sage CA: Los Angeles, CA}
}

@article{Al2011,
  title={Cognitive motor interference while walking: a systematic review and meta-analysis},
  author={Al-Yahya, Emad and Dawes, Helen and Smith, Lesley and Dennis, Andrea and Howells, Ken and Cockburn, Janet},
  journal={Neuroscience \& Biobehavioral Reviews},
  volume={35},
  number={3},
  pages={715--728},
  year={2011},
  publisher={Elsevier}
}

@article{Krauss2000,
  title={13 Lexical gestures and lexical access: a process},
  author={Krauss, Robert M and Chen, Yihsiu and Gottesman, Rebecca F},
  journal={Language and gesture},
  volume={2},
  pages={261},
  year={2000},
  publisher={Cambridge University Press}
}

@article{Potter2005,
  title={Effects of moderate exercise and circadian rhythms on human memory},
  author={Potter, Douglas and Keeling, Denis},
  journal={Journal of Sport and Exercise Psychology},
  volume={27},
  number={1},
  pages={117--125},
  year={2005}
}

@article{Mandler1977,
  title={Remembrance of things parsed: Story structure and recall},
  author={Mandler, Jean M and Johnson, Nancy S},
  journal={Cognitive psychology},
  volume={9},
  number={1},
  pages={111--151},
  year={1977},
  publisher={Elsevier}
}

@inproceedings{Van2013,
  title={A robust frontend for VAD: exploiting contextual, discriminative and spectral cues of human voice.},
  author={Van Segbroeck, Maarten and Tsiartas, Andreas and Narayanan, Shrikanth},
  booktitle={INTERSPEECH},
  pages={704--708},
  year={2013}
}

@article{New2001,
  title={Une base de donn{\'e}es lexicales du fran{\c{c}}ais contemporain sur internet: LEXIQUE™//A lexical database for contemporary french: LEXIQUE™},
  author={New, Boris and Pallier, Christophe and Ferrand, Ludovic and Matos, Rafael},
  journal={L'ann{\'e}e Psychologique},
  volume={101},
  number={3},
  pages={447--462},
  year={2001},
  publisher={Universit{\'e} Ren{\'e} Descartes, Paris 5}
}

@article{Dejong2009,
  title={Praat script to detect syllable nuclei and measure speech rate automatically},
  author={De Jong, Nivja H and Wempe, Ton},
  journal={Behavior research methods},
  volume={41},
  number={2},
  pages={385--390},
  year={2009},
  publisher={Springer}
}

@article{Diekelmann2010,
author = {Diekelmann, Susanne and Born, Jan},
year = {2010},
month = {02},
pages = {114-26},
title = {Diekelmann S, Born J. The memory function of sleep. Nat Rev Neurosci 11: 114-126},
volume = {11},
journal = {Nature reviews. Neuroscience},
doi = {10.1038/nrn2762}
}

@Article{Duyck2004,
author="Duyck, Wouter
and Desmet, Timothy
and Verbeke, Lieven P. C.
and Brysbaert, Marc",
title="WordGen: A tool for word selection and nonword generation in Dutch, English, German, and French",
journal="Behavior Research Methods, Instruments, {\&} Computers",
year="2004",
month="Aug",
day="01",
volume="36",
number="3",
pages="488--499"
}

@article{Mcneill1992,
author = {Mcneill, David},
year = {1994},
month = {06},
pages = {},
title = {Hand and Mind: What Gestures Reveal About Thought},
volume = {27},
journal = {Bibliovault OAI Repository, the University of Chicago Press},
doi = {10.2307/1576015}
}

@article{Bird2000,
author = {Bird, Elizabeth and Gaskell, Annette and Dallaire Babineau, Michelle and Macdonald, Susan},
year = {2000},
month = {05},
pages = {241-65; quiz 265},
title = {Novel word acquisition in children with Down syndrome: Does modality make a difference?},
volume = {33},
journal = {Journal of communication disorders},
doi = {10.1016/S0021-9924(00)00022-8}
}

@article{Keuleers2010,
author = {Keuleers, Emmanuel and Brysbaert, Marc},
year = {2010},
month = {08},
pages = {627-33},
title = {Wuggy: A multilingual pseudoword generator},
volume = {42},
journal = {Behavior research methods},
doi = {10.3758/BRM.42.3.627}
}

@article{Agnello2018,
  title={Reasoning with Pseudowords: How Properties of Novel Verbal Stimuli Influence Item Difficulty and Linguistic-Group Score Differences on Cognitive Ability Assessments},
  author={Agnello, Paul},
  year={2018}
}

@article{RC2014,
author = {Rochet-Capellan, Amelie and Fuchs, Susanne},
year = {2014},
month = {11},
pages = {},
title = {Take a breath and take the turn: How breathing meets turns in spontaneous dialogue},
volume = {20130399},
journal = {Philosophical Transactions of the Royal Society B},
doi = {10.1098/rstb.2013.0399}
}

@book{Kendon2004,
  title={Gesture: Visible action as utterance},
  author={Kendon, Adam},
  year={2004},
  publisher={Cambridge University Press}
}

@article{Leplat2013,
  title={Les gestes dans l’activit{\'e} en situation de travail. Aper{\c{c}}u de quelques probl{\`e}mes d’analyse},
  author={Leplat, Jacques},
  journal={Perspectives interdisciplinaires sur le travail et la sant{\'e}},
  number={15-1},
  year={2013},
  publisher={Elise Ledoux}
}

@incollection{Skutella2014,
  title={The prosody of motivation. First results from an indoor cycling scenario},
  author={Skutella, Lisa Viktoria and S{\"u}ssenbach, Luise and Pitsch, Karola and Wagner, Petra},
  booktitle={Elektronische Sprachsignalverarbeitung 2014},
  volume={71},
  year={2014}
}

@article{Ravizza2003,
  title={Movement and lexical access: Do noniconic gestures aid in retrieval?},
  author={Ravizza, Susan},
  journal={Psychonomic Bulletin \& Review},
  volume={10},
  number={3},
  pages={610--615},
  year={2003},
  publisher={Springer}
}

@article{Cherdieu2017,
  title={Make gestures to learn: Reproducing gestures improves the learning of anatomical knowledge more than just seeing gestures},
  author={Cherdieu, M{\'e}laine and Palombi, Olivier and Gerber, Silvain and Troccaz, Jocelyne and Rochet-Capellan, Am{\'e}lie},
  journal={Frontiers in psychology},
  volume={8},
  pages={1689},
  year={2017},
  publisher={Frontiers}
}


@article{Pulvermuller2010,
  title={Active perception: sensorimotor circuits as a cortical basis for language},
  author={Pulverm{\"u}ller, Friedemann and Fadiga, Luciano},
  journal={Nature reviews neuroscience},
  volume={11},
  number={5},
  pages={351},
  year={2010},
  publisher={Nature Publishing Group}
}

@article{Boersma2002,
  title={Praat, a system for doing phonetics by computer},
  author={Boersma, Paul and others},
  journal={Glot international},
  volume={5},
  year={2002}
}

@article{Large1998,
author = {Large, Nathan and Frisch, Stefan and Pisoni, David},
year = {1998},
month = {01},
pages = {},
title = {Perception of wordlikeness: Effects of segment probability and length on subjective ratings and processing of non-word sound patterns},
volume = {22}
}

@inproceedings{Hamed2015,
  title={Generating Nonwords for Vocabulary Proficiency Testing},
  author={Hamed, Osama and Zesch, Torsten},
  booktitle={Proceeding of the 7th Language and Technology Conference: Human Language Technologies as a Challenge for Computer Science and Linguistics, Poznan, Poland},
  pages={473--477},
  year={2015}
}

@article{Agnello2018,
  title={Reasoning with Pseudowords: How Properties of Novel Verbal Stimuli Influence Item Difficulty and Linguistic-Group Score Differences on Cognitive Ability Assessments},
  author={Agnello, Paul},
  year={2018}
}

@article{Guitard2017,
author = {Guitard, Dominic and Saint-Aubin, Jean and Tehan, Gerald and Tolan, Georgina},
year = {2017},
month = {10},
pages = {1-17},
title = {Does neighborhood size really cause the word length effect?},
volume = {46},
journal = {Memory & Cognition},
doi = {10.3758/s13421-017-0761-9}
}

@article{Flemming2005,
author = {Flemming, Edward},
year = {2005},
month = {03},
pages = {287-309},
title = {Deriving natural classes in phonology},
volume = {115},
journal = {Lingua},
doi = {10.1016/j.lingua.2003.10.005}
}

@misc{Cadoz2000,
  title={Gesture-music},
  author={Cadoz, Claude and Wanderley, Marcelo M},
  year={2000}
}

@article{Locke1995,
  title={Emergent control of manual and vocal-motor activity in relation to the development of speech},
  author={Locke, John L and Bekken, Kaaren E and Mcminnlarson, Laura and Wein, Debra},
  journal={Brain and language},
  volume={51},
  number={3},
  pages={498--508},
  year={1995},
  publisher={Elsevier}
}

@article{Fuchs2015,
  title={Assessing respiratory contributions to f0 declination in German across varying speech tasks and respiratory demands},
  author={Fuchs, Susanne and Petrone, Caterina and Rochet-Capellan, Am{\'e}lie and Reichel, Uwe D and Koenig, Laura L},
  journal={Journal of Phonetics},
  volume={52},
  pages={35--45},
  year={2015},
  publisher={Elsevier}
}

@inproceedings{Dohen2017,
  title={Co-Production of Speech and Pointing Gestures in Clear and Perturbed Interactive Tasks: Multimodal Designation Strategies.},
  author={Dohen, Marion and Roustan, Benjamin},
  booktitle={INTERSPEECH},
  pages={166--170},
  year={2017}
}

@article{Bara2012,
  title={Utiliser son corps pour apprendre {\`a} reconna{\^\i}tre et {\`a} tracer les lettres en grande section de maternelle},
  author={Bara, Florence and Lannuzel, Claudie and Pronost, Catherine and Calvarin, Daniel},
  journal={ANAE-Approche Neuropsychologique des Apprentissages Chez L'enfant},
  pages={20},
  year={2012}
}

@article{Cook2010,
  title={Gesturing makes memories that last},
  author={Cook, Susan Wagner and Yip, Terina KuangYi and Goldin-Meadow, Susan},
  journal={Journal of memory and language},
  volume={63},
  number={4},
  pages={465--475},
  year={2010},
  publisher={Elsevier}
}

@article{Von2015,
  title={Py-Span-Task: A software for testing working memory span},
  author={von der Malsburg, T},
  journal={Zenodo. doi},
  volume={10},
  year={2015}
}

@article{Colletta2010,
  title={Age-related changes in co-speech gesture and narrative: Evidence from French children and adults},
  author={Colletta, Jean-Marc and Pellenq, Catherine and Guidetti, Mich{\`e}le},
  journal={Speech Communication},
  volume={52},
  number={6},
  pages={565--576},
  year={2010},
  publisher={Elsevier}
}

@inproceedings{Burkhardt18,
        Author = {Felix Burkhardt and Alexandra Steinhilber and Benjamin Weiss},
        Booktitle = {29th Conference on Electronic Speech Signal Processing ({ESSV2018})},
        Title = {Ironic Speech-Evaluating Acoustic Correlates By Means Of Speech Synthesis},
        Year = {2018}}
















